<record><leader>00000cas a22000007a 4500</leader><controlfield tag="001">31359353</controlfield><controlfield tag="008">941026d19761978cauwr ne      0    0eng d</controlfield><datafield ind1=" " ind2=" " tag="010"><subfield code="a">sn 94051604 </subfield></datafield><datafield ind1=" " ind2=" " tag="040"><subfield code="a">CNK</subfield><subfield code="b">eng</subfield><subfield code="c">CNK</subfield><subfield code="d">OCLCQ</subfield><subfield code="d">OCLCF</subfield><subfield code="d">OCLCO</subfield></datafield><datafield ind1="1" ind2=" " tag="029"><subfield code="a">AU@</subfield><subfield code="b">000011370368</subfield></datafield><datafield ind1=" " ind2=" " tag="042"><subfield code="a">msc</subfield></datafield><datafield ind1=" " ind2=" " tag="043"><subfield code="a">n-us-ca</subfield></datafield><datafield ind1="0" ind2=" " tag="130"><subfield code="a">Sun (Rancho Cordova, Calif.)</subfield></datafield><datafield ind1="1" ind2="4" tag="245"><subfield code="a">The sun.</subfield></datafield><datafield ind1=" " ind2=" " tag="260"><subfield code="a">Rancho Cordova, Calif. :</subfield><subfield code="b">Sacramento Suburban Newspapers</subfield></datafield><datafield ind1=" " ind2=" " tag="300"><subfield code="a">v.</subfield></datafield><datafield ind1=" " ind2=" " tag="310"><subfield code="a">Weekly</subfield></datafield><datafield ind1="0" ind2=" " tag="362"><subfield code="a">Vol. 7, no. 6 (Mar. 10, 1976)-v. 9, no. 15 (Apr. 12, 1978).</subfield></datafield><datafield ind1=" " ind2=" " tag="500"><subfield code="a">"The green sheet" appears in masthead.</subfield></datafield><datafield ind1=" " ind2=" " tag="580"><subfield code="a">Some sections published jointly with other Sacramento Suburban Newspapers titles.</subfield></datafield><datafield ind1=" " ind2="0" tag="651"><subfield code="a">Rancho Cordova (Calif.)</subfield><subfield code="v">Newspapers.</subfield></datafield><datafield ind1=" " ind2="7" tag="655"><subfield code="a">Newspapers.</subfield><subfield code="2">fast</subfield><subfield code="0">(OCoLC)fst01423814</subfield></datafield><datafield ind1=" " ind2="7" tag="651"><subfield code="a">California</subfield><subfield code="z">Rancho Cordova.</subfield><subfield code="2">fast</subfield><subfield code="0">(OCoLC)fst01231494</subfield></datafield><datafield ind1=" " ind2=" " tag="752"><subfield code="a">United States</subfield><subfield code="b">California</subfield><subfield code="c">Sacramento</subfield><subfield code="d">Rancho Cordova.</subfield></datafield><datafield ind1="0" ind2="0" tag="780"><subfield code="t">North Sacramento sun</subfield><subfield code="w">(DLC)sn 94051603</subfield></datafield><datafield ind1="0" ind2="7" tag="785"><subfield code="t">North Highlander (Fair Oaks, Calif. : 1966)</subfield><subfield code="w">(DLC)sn 94051601</subfield></datafield><datafield ind1="0" ind2="7" tag="785"><subfield code="t">North Highlander and North Sacramento sun</subfield><subfield code="w">(DLC)sn 94051605</subfield></datafield></record>